@InProceedings{wang2018esrgan,
    author = {Wang, Xintao and Yu, Ke and Wu, Shixiang and Gu, Jinjin and Liu, Yihao and Dong, Chao and Qiao, Yu and Loy, Chen Change},
    title = {ESRGAN: Enhanced super-resolution generative adversarial networks},
    booktitle = {The European Conference on Computer Vision Workshops (ECCVW)},
    month = {September},
    year = {2018}
}

@InProceedings{guo2017deep,
  title={Deep wavelet prediction for image super-resolution},
  author={Guo, Tiantong and Mousavi, Hojjat Seyed and Vu, Tiep Huu and Monga, Vishal},
  booktitle={The IEEE Conference on Computer Vision and Pattern Recognition (CVPR) Workshops},
  year={2017}
}

@inproceedings{timofte2017ntire,
  title={Ntire 2017 challenge on single image super-resolution: Methods and results},
  author={Timofte, Radu and Agustsson, Eirikur and Van Gool, Luc and Yang, Ming-Hsuan and Zhang, Lei and Lim, Bee and Son, Sanghyun and Kim, Heewon and Nah, Seungjun and Lee, Kyoung Mu and others},
  booktitle={Computer Vision and Pattern Recognition Workshops (CVPRW), 2017 IEEE Conference on},
  pages={1110--1121},
  year={2017},
  organization={IEEE}
}

@ARTICLE{4775883,
  author={Wang, Zhou and Bovik, Alan C.},
  journal={IEEE Signal Processing Magazine}, 
  title={Mean squared error: Love it or leave it? A new look at Signal Fidelity Measures}, 
  year={2009},
  volume={26},
  number={1},
  pages={98-117},
  doi={10.1109/MSP.2008.930649}}



@INPROCEEDINGS{8014883,
  author={Timofte, Radu and Agustsson, Eirikur and Gool, Luc Van and Yang, Ming-Hsuan and Zhang, Lei and Lim, Bee and Son, Sanghyun and Kim, Heewon and Nah, Seungjun and Lee, Kyoung Mu and Wang, Xintao and Tian, Yapeng and Yu, Ke and Zhang, Yulun and Wu, Shixiang and Dong, Chao and Lin, Liang and Qiao, Yu and Loy, Chen Change and Bae, Woong and Yoo, Jaejun and Han, Yoseob and Ye, Jong Chul and Choi, Jae-Seok and Kim, Munchurl and Fan, Yuchen and Yu, Jiahui and Han, Wei and Liu, Ding and Yu, Haichao and Wang, Zhangyang and Shi, Honghui and Wang, Xinchao and Huang, Thomas S. and Chen, Yunjin and Zhang, Kai and Zuo, Wangmeng and Tang, Zhimin and Luo, Linkai and Li, Shaohui and Fu, Min and Cao, Lei and Heng, Wen and Bui, Giang and Le, Truc and Duan, Ye and Tao, Dacheng and Wang, Ruxin and Lin, Xu and Pang, Jianxin and Xu, Jinchang and Zhao, Yu and Xu, Xiangyu and Pan, Jinshan and Sun, Deqing and Zhang, Yujin and Song, Xibin and Dai, Yuchao and Qin, Xueying and Huynh, Xuan-Phung and Guo, Tiantong and Mousavi, Hojjat Seyed and Vu, Tiep Huu and Monga, Vishal and Cruz, Cristovao and Egiazarian, Karen and Katkovnik, Vladimir and Mehta, Rakesh and Jain, Arnav Kumar and Agarwalla, Abhinav and Praveen, Ch V. Sai and Zhou, Ruofan and Wen, Hongdiao and Zhu, Che and Xia, Zhiqiang and Wang, Zhengtao and Guo, Qi},
  booktitle={2017 IEEE Conference on Computer Vision and Pattern Recognition Workshops (CVPRW)}, 
  title={NTIRE 2017 Challenge on Single Image Super-Resolution: Methods and Results}, 
  year={2017},
  volume={},
  number={},
  pages={1110-1121},
  doi={10.1109/CVPRW.2017.149}}


@ARTICLE{1284395,
  author={Zhou Wang and Bovik, A.C. and Sheikh, H.R. and Simoncelli, E.P.},
  journal={IEEE Transactions on Image Processing}, 
  title={Image quality assessment: from error visibility to structural similarity}, 
  year={2004},
  volume={13},
  number={4},
  pages={600-612},
  doi={10.1109/TIP.2003.819861}}

@InProceedings{Ledig_2017_CVPR,
author = {Ledig, Christian and Theis, Lucas and Huszar, Ferenc and Caballero, Jose and Cunningham, Andrew and Acosta, Alejandro and Aitken, Andrew and Tejani, Alykhan and Totz, Johannes and Wang, Zehan and Shi, Wenzhe},
title = {Photo-Realistic Single Image Super-Resolution Using a Generative Adversarial Network},
booktitle = {Proceedings of the IEEE Conference on Computer Vision and Pattern Recognition (CVPR)},
month = {July},
year = {2017}
}

@misc{jolicoeurmartineau2018relativistic,
      title={The relativistic discriminator: a key element missing from standard GAN}, 
      author={Alexia Jolicoeur-Martineau},
      year={2018},
      eprint={1807.00734},
      archivePrefix={arXiv},
      primaryClass={cs.LG}
}




% DIV2K Dataset
  @InProceedings{Agustsson_2017_CVPR_Workshops,
	author = {Agustsson, Eirikur and Timofte, Radu},
	title = {NTIRE 2017 Challenge on Single Image Super-Resolution: Dataset and Study},
	booktitle = {The IEEE Conference on Computer Vision and Pattern Recognition (CVPR) Workshops},
	month = {July},
	year = {2017}
} 

@InProceedings{Timofte_2017_CVPR_Workshops,
author = {Timofte, Radu and Agustsson, Eirikur and Van Gool, Luc and Yang, Ming-Hsuan and Zhang, Lei and Lim, Bee and others},
title = {NTIRE 2017 Challenge on Single Image Super-Resolution: Methods and Results},
booktitle = {The IEEE Conference on Computer Vision and Pattern Recognition (CVPR) Workshops},
month = {July},
year = {2017}
}

@InProceedings{Timofte_2018_CVPR_Workshops,
author = {Timofte, Radu and Gu, Shuhang and Wu, Jiqing and Van Gool, Luc and Zhang, Lei and
Yang, Ming-Hsuan and Haris, Muhammad and others},
title = {NTIRE 2018 Challenge on Single Image Super-Resolution: Methods and Results},
booktitle = {The IEEE Conference on Computer Vision and Pattern Recognition (CVPR) Workshops},
month = {June},
year = {2018}
}

@InProceedings{Timofte_2018_CVPR_Workshops,
author = {Timofte, Radu and Gu, Shuhang and Wu, Jiqing and Van Gool, Luc and Zhang, Lei and
Yang, Ming-Hsuan and Haris, Muhammad and others},
title = {NTIRE 2018 Challenge on Single Image Super-Resolution: Methods and Results},
booktitle = {The IEEE Conference on Computer Vision and Pattern Recognition (CVPR) Workshops},
month = {June},
year = {2018}
}

@InProceedings{Ignatov_2018_ECCV_Workshops,
author = {Ignatov, Andrey and Timofte, Radu and others},
title = {PIRM challenge on perceptual image enhancement on smartphones: report},
booktitle = {European Conference on Computer Vision (ECCV) Workshops},
month = {January},
year = {2019}
}

% Set14 Dataset
@inproceedings{zeyde2010single,
  title={On single image scale-up using sparse-representations},
  author={Zeyde, Roman and Elad, Michael and Protter, Matan},
  booktitle={International conference on curves and surfaces},
  pages={711--730},
  year={2010},
  organization={Springer}
}

% Set5 Dataset
@article{bevilacqua2012low,
  title={Low-complexity single-image super-resolution based on nonnegative neighbor embedding},
  author={Bevilacqua, Marco and Roumy, Aline and Guillemot, Christine and Alberi-Morel, Marie Line},
  year={2012},
  publisher={BMVA press}
}

% BSD100 Dataset
@inproceedings{martin2001database,
  title={A database of human segmented natural images and its application to evaluating segmentation algorithms and measuring ecological statistics},
  author={Martin, David and Fowlkes, Charless and Tal, Doron and Malik, Jitendra},
  booktitle={Proceedings Eighth IEEE International Conference on Computer Vision. ICCV 2001},
  volume={2},
  pages={416--423},
  year={2001},
  organization={IEEE}
}

% Urban100 Dataset
@InProceedings{Huang_2015_CVPR,
  author = {Huang, Jia-Bin and Singh, Abhishek and Ahuja, Narendra},
  title = {Single Image Super-Resolution From Transformed Self-Exemplars},
  booktitle = {Proceedings of the IEEE Conference on Computer Vision and Pattern Recognition (CVPR)},
  month = {June},
  year = {2015}
}


% ref do linku https://www.zssplus.pl/transport/referaty/referat_07.htm
@misc{zssplus,
  title={Doładowanie silników spalinowych},
  author={Dariusz Bukowski},
  year={2004/2005},
  howpublished={\url{https://www.zssplus.pl/transport/referaty/referat_07.htm}}
}

% ref do vue js
@misc{vuejs,
  title={Vue.js},
  author={Evan You},
  year={2014},
  howpublished={\url{https://vuejs.org/}}
}

% ref do django 
@misc{django,
  title={Django},
  author={Django Software Foundation},
  year={2005},
  howpublished={\url{https://www.djangoproject.com/}}
}

% ref do pywavelets
@misc{pywavelets,
  title={PyWavelets},
  author={Gregory R. Lee and Eric O. Lebigot and others},
  year={2006},
  howpublished={\url{https://pywavelets.readthedocs.io/en/latest/}}
}

% ref do pytorch
@misc{pytorch,
  title={PyTorch},
  author={Adam Paszke and Sam Gross and others},
  year={2016},
  howpublished={\url{https://pytorch.org/}}
}

% ref do opencv python
@misc{opencv,
  title={OpenCV},
  author={OpenCV Foundation},
  year={2000},
  howpublished={\url{https://opencv.org/}}
}

% ref do numpy
@misc{numpy,
  title={NumPy},
  author={Travis E. Oliphant and others},
  year={2006},
  howpublished={\url{https://numpy.org/}}
}

% ref do google fonts
@misc{googlefonts,
  title={Google Fonts},
  author={Google},
  year={2010},
  howpublished={\url{https://fonts.google.com/}}
}

% ref do adobe fonts
@misc{adobefonts,
  title={Adobe Fonts},
  author={Adobe},
  year={1982},
  howpublished={\url{https://fonts.adobe.com/}}
}

% ref do heroicons
@misc{heroicons,
  title={Heroicons},
  author={Steve Schoger and Adam Wathan},
  year={2020},
  howpublished={\url{https://heroicons.com/}}
}

% ref do fontawesome
@misc{fontawesome,
  title={Font Awesome},
  author={Fonticons, Inc.},
  year={2012},
  howpublished={\url{https://fontawesome.com/}}
}

% ref do sklearn
@misc{sklearn,
  title={scikit-learn},
  author={Fabian Pedregosa and others},
  year={2011},
  howpublished={\url{https://scikit-learn.org/stable/}}
}

% ref do tensorflow
@misc{tensorflow,
  title={TensorFlow},
  author={Mart\'{\i}n Abadi and others},
  year={2015},
  howpublished={\url{https://www.tensorflow.org/}}
}

