@article{example_article,
  title={An Example Article},
  author={Doe, John and Smith, Jane},
  journal={Journal of Examples},
  volume={1},
  number={1},
  pages={1--10},
  year={2023}
}
